
@online{freesw,
	author = {GNU},
	title = {What is free software},
	date = {28/10/2018},
	url = {https://www.gnu.org/philosophy/free-sw.en.html},
	year = {2018},
}

@online{richard-open,
	author = {Richard Stallman},
	title = {Why Open Source misses the point of Free Software},
	date = {18/11/2016},
	year = {2016}
	url = {https://www.gnu.org/philosophy/open-source-misses-the-point.html},
}

@report{Cate-Emma,
	author = {Emmanuel Arias and Gustavo Wiman},
	title = {Estudio de la confiabilidad de arquitecturas tolerantes a fallas
	basada en componentes COTS para aviónicas de vehículos
	espaciales
	},
	type = {Paper},
	institution = {IX Congreso Argentino de Tecnología Espacial},
	date = {26/10/2017},
	year = {2017},
	month = {Octubre}
    city =  {Córdoba},
}

@online{sopi,
	author = {SOPI},
	title = {Acerca de SOPI},
	date = {28},
	url = {https://sopi.conae.gov.ar/index.php/acerca-de},
	organization = {SOPI},
	month = {Octubre},
	year = {2018},
	urldate = {https://sopi.conae.gov.ar/index.php/acerca-de},
}

@online{python-trend,
	author = {ProBytes},
	title = {Python Development Trends 2018},
	date = {28},
	url = {https://www.probytes.net/blog/python-development-trends-2018/},
	month = {Octubre},
	year = {2018},
}
